<?xml version="1.0" encoding="UTF-8"?><collection xmlns="http://www.loc.gov/MARC21/slim"><record><leader>00394nam--2200157-i-4500</leader><controlfield tag="001">000031509</controlfield><controlfield tag="002">20161230</controlfield><controlfield tag="005">20170107014524</controlfield><controlfield tag="008">060222s1000------------r-----000-0-eng-d</controlfield><datafield ind1=" " ind2=" " tag="080"><subfield code="a">338.984.2:519.87</subfield></datafield><datafield ind1=" " ind2=" " tag="245"><subfield code="a">Long-term models at work</subfield></datafield><datafield ind1=" " ind2=" " tag="260"><subfield code="a">Budapest</subfield><subfield code="b">Akad©♭miai Kiad©đ</subfield><subfield code="c">1984</subfield></datafield><datafield ind1=" " ind2=" " tag="300"><subfield code="a">385 p</subfield></datafield><datafield ind1=" " ind2=" " tag="700"><subfield code="a">Augusztinovics, M©Łria</subfield></datafield><datafield ind1=" " ind2=" " tag="852"><subfield code="a">71823</subfield></datafield><datafield ind1=" " ind2=" " tag="CAT"><subfield code="a">SYS</subfield><subfield code="c">20170107</subfield><subfield code="h">014524</subfield></datafield></record></collection>